%% LaTeX2e file `practica2.bib'
%% generated by the `filecontents' environment
%% from source `practica2' on 2020/10/27.
%%
  @misc{thz_net,
   title={Terahertz applications },
   url={http://thznetwork.net/index.php/thz-images},
   urldate={2014-07-15},
  }
 
